@article{cycleGAN,
  author    = {Jun{-}Yan Zhu and
               Taesung Park and
               Phillip Isola and
               Alexei A. Efros},
  title     = {Unpaired Image-to-Image Translation using Cycle-Consistent Adversarial
               Networks},
  journal   = {CoRR},
  volume    = {abs/1703.10593},
  year      = {2017},
  url       = {http://arxiv.org/abs/1703.10593},
  archivePrefix = {arXiv},
  eprint    = {1703.10593},
  timestamp = {Mon, 13 Aug 2018 16:48:06 +0200},
  biburl    = {https://dblp.org/rec/bib/journals/corr/ZhuPIE17},
  bibsource = {dblp computer science bibliography, https://dblp.org}
}

@article{imagenet,
  author    = {Olga Russakovsky and
               Jia Deng and
               Hao Su and
               Jonathan Krause and
               Sanjeev Satheesh and
               Sean Ma and
               Zhiheng Huang and
               Andrej Karpathy and
               Aditya Khosla and
               Michael S. Bernstein and
               Alexander C. Berg and
               Fei{-}Fei Li},
  title     = {ImageNet Large Scale Visual Recognition Challenge},
  journal   = {CoRR},
  volume    = {abs/1409.0575},
  year      = {2014},
  url       = {http://arxiv.org/abs/1409.0575},
  archivePrefix = {arXiv},
  eprint    = {1409.0575},
  timestamp = {Mon, 13 Aug 2018 16:48:19 +0200},
  biburl    = {https://dblp.org/rec/bib/journals/corr/RussakovskyDSKSMHKKBBF14},
  bibsource = {dblp computer science bibliography, https://dblp.org}
}
@article{tu-berlin-sketch,
author={Eitz, Mathias and Hays, James and Alexa, Marc},
title={How Do Humans Sketch Objects?},
journal={ACM Trans. Graph. (Proc. SIGGRAPH)},
year={2012},
volume={31},
number={4},
pages = {44:1--44:10}
}

@article{pix2pix,
  author    = {Phillip Isola and
               Jun{-}Yan Zhu and
               Tinghui Zhou and
               Alexei A. Efros},
  title     = {Image-to-Image Translation with Conditional Adversarial Networks},
  journal   = {CoRR},
  volume    = {abs/1611.07004},
  year      = {2016},
  url       = {http://arxiv.org/abs/1611.07004},
  archivePrefix = {arXiv},
  eprint    = {1611.07004},
  timestamp = {Mon, 13 Aug 2018 16:49:05 +0200},
  biburl    = {https://dblp.org/rec/bib/journals/corr/IsolaZZE16},
  bibsource = {dblp computer science bibliography, https://dblp.org}
}

@article{bicyclegan,
  author    = {Jun{-}Yan Zhu and
               Richard Zhang and
               Deepak Pathak and
               Trevor Darrell and
               Alexei A. Efros and
               Oliver Wang and
               Eli Shechtman},
  title     = {Toward Multimodal Image-to-Image Translation},
  journal   = {CoRR},
  volume    = {abs/1711.11586},
  year      = {2017},
  url       = {http://arxiv.org/abs/1711.11586},
  archivePrefix = {arXiv},
  eprint    = {1711.11586},
  timestamp = {Mon, 13 Aug 2018 16:47:44 +0200},
  biburl    = {https://dblp.org/rec/bib/journals/corr/abs-1711-11586},
  bibsource = {dblp computer science bibliography, https://dblp.org}
}

@article{cogan,
  author    = {Ming{-}Yu Liu and
               Oncel Tuzel},
  title     = {Coupled Generative Adversarial Networks},
  journal   = {CoRR},
  volume    = {abs/1606.07536},
  year      = {2016},
  url       = {http://arxiv.org/abs/1606.07536},
  archivePrefix = {arXiv},
  eprint    = {1606.07536},
  timestamp = {Mon, 13 Aug 2018 16:46:24 +0200},
  biburl    = {https://dblp.org/rec/bib/journals/corr/0001T16},
  bibsource = {dblp computer science bibliography, https://dblp.org}
}

@inproceedings{gan,
  title={Generative adversarial nets},
  author={Goodfellow, Ian and Pouget-Abadie, Jean and Mirza, Mehdi and Xu, Bing and Warde-Farley, David and Ozair, Sherjil and Courville, Aaron and Bengio, Yoshua},
  booktitle={Advances in neural information processing systems},
  pages={2672--2680},
  year={2014}
}

@article{sangkloy2016sketchy,
  title={The sketchy database: learning to retrieve badly drawn bunnies},
  author={Sangkloy, Patsorn and Burnell, Nathan and Ham, Cusuh and Hays, James},
  journal={ACM Transactions on Graphics (TOG)},
  volume={35},
  number={4},
  pages={119},
  year={2016},
  publisher={ACM}
}
